@unpublished { kanovich-hirsch,
	author = {Max Kanovich and Robin Hirsch},
	institution = {University College London},
	title = {Lecture Notes on Discrete Mathematics for Computer Scientists},
	url = {http://www.cs.ucl.ac.uk/1819/a4u/t2/comp0147_discrete_mathematics_for_computer_scientists/}
}

@book{rotman,
author = {Joseph J. Rotman},
title = {A First Course in Abstract Algebra},
date = {October 8, 2005},
edition = {3},
publisher = {Pearson},
location = {University of Illinois at Urbana-Champaign},
isbn = {978-0131862678},
}
