@misc{Kanovich2019,
    author = {Max Kanovich},
    title = {Discrete Mathematics Lecture Notes},
    year = {2019},
    howpublished = {\url{http://www.cs.ucl.ac.uk/people/M.Kanovich.html/}},
    note = {Accessed: \today}
}

@book{Kenneth2012,
    author = {Kenneth H. Rosen},
    title = {Discrete Mathematics and its Applications},
    year = {2012},
    edition = {Seventh},
    publisher = {The McGraw-Hill Companies, Inc},
    location = {New York, USA},
    isbn = {978-0-07-338309-5},
}
